<?xml version="1.0" encoding="UTF-8"?><collection xmlns="http://www.loc.gov/MARC21/slim"><record><leader>00422nam--2200145-i-4500</leader><controlfield tag="001">000040223</controlfield><controlfield tag="002">20161230</controlfield><controlfield tag="005">20170122223708</controlfield><controlfield tag="008">060222s1000------------r-----000-0-eng-d</controlfield><datafield ind1=" " ind2=" " tag="100"><subfield code="a">Samoilov, A. V</subfield></datafield><datafield ind1=" " ind2=" " tag="245"><subfield code="a">Vibratia agragatelor din centralele electrice si echilibrarea rotorilor</subfield></datafield><datafield ind1=" " ind2=" " tag="260"><subfield code="a">Bucuresti</subfield><subfield code="b">Ed.Energetica De Stat</subfield><subfield code="c">1953</subfield></datafield><datafield ind1=" " ind2=" " tag="300"><subfield code="a">216 p. + Ilustr.+ 1 Tab</subfield></datafield><datafield ind1=" " ind2=" " tag="852"><subfield code="a">2199</subfield></datafield><datafield ind1=" " ind2=" " tag="CAT"><subfield code="a">SYS</subfield><subfield code="c">20170122</subfield><subfield code="h">223708</subfield></datafield></record></collection>